<record><leader>00000cas a22000007a 4500</leader><controlfield tag="001">25363674</controlfield><controlfield tag="008">920228d189419uuriuwr ne      0    0eng d</controlfield><datafield ind1=" " ind2=" " tag="010"><subfield code="a">sn 92063984 </subfield></datafield><datafield ind1=" " ind2=" " tag="040"><subfield code="a">RHN</subfield><subfield code="b">eng</subfield><subfield code="c">RHN</subfield><subfield code="d">OCLCQ</subfield></datafield><datafield ind1=" " ind2=" " tag="042"><subfield code="a">msc</subfield></datafield><datafield ind1="0" ind2=" " tag="130"><subfield code="a">Hope Valley advertiser (Hope Valley, R.I. : 1894)</subfield></datafield><datafield ind1="1" ind2="0" tag="245"><subfield code="a">Hope Valley advertiser.</subfield></datafield><datafield ind1=" " ind2=" " tag="260"><subfield code="a">Hope Valley, R.I. :</subfield><subfield code="b">H.N. Phillips</subfield></datafield><datafield ind1=" " ind2=" " tag="300"><subfield code="a">v.</subfield></datafield><datafield ind1=" " ind2=" " tag="310"><subfield code="a">Weekly</subfield></datafield><datafield ind1="0" ind2=" " tag="362"><subfield code="a">19th year, no. 18 (May 3, 1894)-</subfield></datafield><datafield ind1=" " ind2="4" tag="651"><subfield code="a">Hopkinton (R.I. : Town)</subfield><subfield code="v">Newspapers.</subfield></datafield><datafield ind1=" " ind2=" " tag="752"><subfield code="a">United States</subfield><subfield code="b">Rhode Island</subfield><subfield code="c">Washington</subfield><subfield code="d">Hope Valley.</subfield></datafield><datafield ind1="0" ind2="0" tag="780"><subfield code="t">Sentinel and advertiser</subfield><subfield code="w">(DLC)sn 85038101</subfield></datafield></record>